<record><leader>00000cas a22000007a 4500</leader><controlfield tag="001">21879337</controlfield><controlfield tag="008">900618d19701973mouwr ne      0    0eng d</controlfield><datafield ind1=" " ind2=" " tag="010"><subfield code="a">sn 90061705 </subfield></datafield><datafield ind1=" " ind2=" " tag="040"><subfield code="a">MQN</subfield><subfield code="b">eng</subfield><subfield code="c">MQN</subfield><subfield code="d">OCLCQ</subfield></datafield><datafield ind1=" " ind2=" " tag="042"><subfield code="a">msc</subfield></datafield><datafield ind1="0" ind2="0" tag="245"><subfield code="a">O'Fallon times.</subfield></datafield><datafield ind1=" " ind2=" " tag="260"><subfield code="a">O'Fallon, St. Charles County, Mo. :</subfield><subfield code="b">James A. Gierke,</subfield><subfield code="c">1970-1973.</subfield></datafield><datafield ind1=" " ind2=" " tag="300"><subfield code="a">v.</subfield></datafield><datafield ind1=" " ind2=" " tag="310"><subfield code="a">Weekly</subfield></datafield><datafield ind1="0" ind2=" " tag="362"><subfield code="a">Vol. 14, no. 9 (Jan. 7, 1970)-v. 22, no. 30 (May 30, 1973).</subfield></datafield><datafield ind1=" " ind2=" " tag="752"><subfield code="a">United States</subfield><subfield code="b">Missouri</subfield><subfield code="c">Saint Charles</subfield><subfield code="d">O'Fallon.</subfield></datafield><datafield ind1="0" ind2="0" tag="780"><subfield code="t">O'Fallon, Mo. community news</subfield><subfield code="w">(DLC)sn 90061704</subfield></datafield><datafield ind1="0" ind2="0" tag="785"><subfield code="t">O'Fallon-St. Peters times</subfield><subfield code="w">(DLC)sn 90061706</subfield></datafield></record>